@online{knuthwebsite,
    author = "Donald Knuth",
    title = "Knuth: Computers and Typesetting",
    url  = "http://www-cs-faculty.stanford.edu/~uno/abcde.html",
    addendum = "(accessed: 01.09.2016)",
    keywords = "latex,knuth"
}

@online{kotlinwebsite,
    title = "Kotlin Documentation",
    url  = "https://kotlinlang.org/docs/reference",
    addendum = "(accessed: 29.04.2019)",
    keywords = "kotlin"
}

@online{springwebsite,
    title = "Spring MVC Documentation",
    url  = "https://docs.spring.io/spring/docs/current/spring-framework-reference/web.html",
    addendum = "(accessed: 29.04.2019)",
    keywords = "spring, mvc"
}

@online{gradlewebsite,
    title = "Gradle Documentation",
    url  = "https://docs.gradle.org/current/userguide/userguide.html",
    addendum = "(accessed: 29.04.2019)",
    keywords = "gradle"
}

@online{routecreationdocs,
    title = "Route Creation Documentation",
    url  = "https://github.com/baltasarb/social-routing/wiki/Social-Routing-API#create-route",
    addendum = "(accessed: 29.04.2019)",
    keywords = "route, api"
}

@online{httponlinedocs,
    author = "R. Fielding and UC Irvine and J. Gettys and J. Mogul and Compaq/W3C and H. Frystyk and W3C/MIT and L. Masinter and Xerox and P. Leach and Microsoft and T. Berners-Lee and W3C/MIT",
    title = "Hypertext Transfer Protocol -- HTTP/1.1",
    url  = "https://tools.ietf.org/html/rfc2616?spm=5176.doc32013.2.3.Aimyd7",
    addendum = "(accessed: 29.04.2019)",
    keywords = "http"
}

@online{jsonwebsite,
    title = "Json Documentation",
    url = "https://www.json.org",
    addendum = "(accessed: 29.04.2019)",
}

@online{apidocs,
    title = "Social Routing API Documentation",
    url = "https://github.com/baltasarb/social-routing/wiki/Social-Routing-API",
    addendum = "(accessed: 29.04.2019)",
}

@online{apihttpverbsdocs,
    title = "Social Routing API - HTTP Verbs Documentation",
    url = "https://github.com/baltasarb/social-routing/wiki/Social-Routing-API#http-verbs",
    addendum = "(accessed: 29.04.2019)",
}

@online{androiddocs,
    title = "Android Documentation",
    url = "https://developer.android.com/guide/",
    addendum = "(accessed: 29.04.2019)",
}

@online{jsonproblemonlinedocs,
    author = "M. Nottingham and Akamai and E. Wilde",
    title = "Json+problem Documentation",
    url = "https://tools.ietf.org/html/rfc7807",
    addendum = "(accessed: 29.04.2019)",
}

@online{dbmsdefinition,
    title = "DBMS definition",
    url = "https://en.wikipedia.org/wiki/Database#Database_management_system",
    addendum = "(accessed: 29.04.2019)",
}

@online{jdbidocs,
    title = "JDBI Documentation",
    url = "http://jdbi.org/",
    addendum = "(accessed: 29.04.2019)",
}

@online{jdbcdocs,
    title = "JDBC driver definition",
    url = "https://en.wikipedia.org/wiki/JDBC_driver",
    addendum = "(accessed: 29.04.2019)",
}

@online{springjpadocs,
    title = "JPA Documentation",
    url = "https://spring.io/projects/spring-data-jpa",
    addendum = "(accessed: 29.04.2019)",
}

@online{postgresql,
    title = "PostgreSQL Documentation",
    url = "https://www.postgresql.org/files/documentation/pdf/11/postgresql-11-A4.pdf",
    addendum = "(accessed: 29.04.2019)",
}

@online{postgresqljson,
    title = "JSON PostgreSQL Documentation",
    url = "https://www.postgresql.org/docs/9.3/functions-json.html",
    addendum = "(accessed: 29.04.2019)",
}

@online{technologiesclientdocs,
    title = "Client Choice of Technologies Documentation",
    url  = "https://github.com/baltasarb/social-routing/wiki/Choice-Of-Technologies#client-application",
    addendum = "(accessed: 29.04.2019)",
    keywords = "technologies"
}



@online{clientapplicationdocs,
    title = "Client Application Documentation",
    url  = "https://github.com/baltasarb/social-routing/wiki/Client-Application",
    addendum = "(accessed: 29.04.2019)",
    keywords = "client"
}



@online{communicationwithexternalapis,
    title = "Communication with external APIs Documentation",
    url  = "https://github.com/baltasarb/social-routing/wiki/Client-Application#communication-with-external-apis",
    addendum = "(accessed: 29.04.2019)",
    keywords = "client"
}

@online{clientdesignandimplementationdocs,
    title = "Client Design and Implementation Documentation",
    url  = "https://github.com/baltasarb/social-routing/wiki/Client-Application#design-and-implementation",
    addendum = "(accessed: 29.04.2019)",
    keywords = "client"
}

@online{retrofit,
    title = "Retrofit Documentation",
    url  = "http://square.github.io/retrofit/",
    addendum = "(accessed: 29.04.2019)",
    keywords = "retrofit"
}