@online{googlemapsplatform,
    title = "Google Maps platform",
    url  = "https://cloud.google.com/maps-platform/?utm_source=google&utm_medium=cpc&utm_campaign=FY18-Q2-global-demandgen-paidsearchonnetworkhouseads-cs-maps_contactsal_saf&utm_content=text-ad-none-none-DEV_c-CRE_267331616281-ADGP_Hybrid+%7C+AW+SEM+%7C+BKWS+~+EXA_%5BM:1%5D_EMEAOt_EN_Google+Maps+Brand-KWID_43700020520504203-kwd-298247230465-userloc_1011742&utm_term=KW_google%20maps%20api-ST_google+maps+api&gclid=CLHvqYu4reMCFQ5zGwodPiEHBA"
}

@online{knuthwebsite,
    author = "Donald Knuth",
    title = "Knuth: Computers and Typesetting",
    url  = "http://www-cs-faculty.stanford.edu/~uno/abcde.html",
    keywords = "latex,knuth"
}

@online{kotlinwebsite,
    title = "Kotlin Documentation",
    url  = "https://kotlinlang.org/docs/reference",
    keywords = "kotlin"
}

@online{springwebsite,
    title = "Spring MVC Documentation",
    url  = "https://docs.spring.io/spring/docs/current/spring-framework-reference/web.html",
    keywords = "spring, mvc"
}

@online{gradlewebsite,
    title = "Gradle Documentation",
    url  = "https://docs.gradle.org/current/userguide/userguide.html",
    keywords = "gradle"
}

@online{httponlinedocs,
    author = "R. Fielding and UC Irvine and J. Gettys and J. Mogul and Compaq/W3C and H. Frystyk and W3C/MIT and L. Masinter and Xerox and P. Leach and Microsoft and T. Berners-Lee and W3C/MIT",
    title = "Hypertext Transfer Protocol -- HTTP/1.1",
    url  = "https://tools.ietf.org/html/rfc2616?spm=5176.doc32013.2.3.Aimyd7",
    keywords = "http"
}

@online{jsonwebsite,
    title = "Json Documentation",
    url = "https://www.json.org",
    addendum = "(accessed: 29.04.2019)",
}

@online{apidocs,
    title = "Social Routing API Documentation",
    url = "https://github.com/baltasarb/social-routing/wiki/Social-Routing-API",
    addendum = "(accessed: 29.04.2019)",
}

@online{apihttpverbsdocs,
    title = "Social Routing API - HTTP Verbs Documentation",
    url = "https://github.com/baltasarb/social-routing/wiki/Social-Routing-API#http-verbs",
    addendum = "(accessed: 29.04.2019)",
}

@online{androiddocs,
    title = "Android Documentation",
    url = "https://developer.android.com/guide/",
    addendum = "(accessed: 29.04.2019)",
}

@online{jsonproblemonlinedocs,
    author = "M. Nottingham and Akamai and E. Wilde",
    title = "Json+problem Documentation",
    url = "https://tools.ietf.org/html/rfc7807",
    addendum = "(accessed: 29.04.2019)",
}

@online{dbmsdefinition,
    title = "DBMS definition",
    url = "https://en.wikipedia.org/wiki/Database#Database_management_system",
    addendum = "(accessed: 29.04.2019)",
}

@online{jdbidocs,
    title = "JDBI Documentation",
    url = "http://jdbi.org/",
    addendum = "(accessed: 29.04.2019)",
}

@online{jdbcdocs,
    title = "JDBC driver definition",
    url = "https://en.wikipedia.org/wiki/JDBC_driver",
    addendum = "(accessed: 29.04.2019)",
}

@online{springjpadocs,
    title = "JPA Documentation",
    url = "https://spring.io/projects/spring-data-jpa",
    addendum = "(accessed: 29.04.2019)",
}

@online{postgresql,
    title = "PostgreSQL Documentation",
    url = "https://www.postgresql.org/files/documentation/pdf/11/postgresql-11-A4.pdf",
    addendum = "(accessed: 29.04.2019)",
}

@online{postgresqljson,
    title = "JSON PostgreSQL Documentation",
    url = "https://www.postgresql.org/docs/9.3/functions-json.html",
    addendum = "(accessed: 29.04.2019)",
}

@online{technologiesclientdocs,
    title = "Client Choice of Technologies Documentation",
    url  = "https://github.com/baltasarb/social-routing/wiki/Choice-Of-Technologies#client-application",
    addendum = "(accessed: 29.04.2019)",
    keywords = "technologies"
}

@online{clientapplicationdocs,
    title = "Client Application Documentation",
    url  = "https://github.com/baltasarb/social-routing/wiki/Client-Application",
    keywords = "client"
}

@online{communicationwithexternalapis,
    title = "Communication with external APIs Documentation",
    url  = "https://github.com/baltasarb/social-routing/wiki/Client-Application#communication-with-external-apis",
    addendum = "(accessed: 29.04.2019)",
    keywords = "client"
}

@online{clientdesignandimplementationdocs,
    title = "Client Design and Implementation Documentation",
    url  = "https://github.com/baltasarb/social-routing/wiki/Client-Application#design-and-implementation",
    addendum = "(accessed: 29.04.2019)",
    keywords = "client"
}

@online{retrofit,
    title = "Retrofit Documentation",
    url  = "http://square.github.io/retrofit/",
    addendum = "(accessed: 29.04.2019)",
    keywords = "retrofit"
}

@online{schemadocs,
    title="Social Routing API Schema Documentation",
    url = "https://github.com/baltasarb/social-routing/wiki/Social-Routing-API#schema"
}

@online{googlesignindocs,
    title="Google Sign-In API Documentation",
    url = "https://developers.google.com/identity/sign-in/web/sign-in"
}

@online{httppostdocs,
    title="HTTP POST request documentation.",
    url = "https://tools.ietf.org/html/rfc2616#section-9.5"
}

@online{log4j,
    title="Log4J documentation.",
    url="https://logging.apache.org/log4j/2.x/"
}

@online{applicationjson,
    title = "application/json documentation.",
    url = "https://tools.ietf.org/html/rfc4627"
}

@online{apipostdocs,
    title = "Social Routing API POST documentation.",
    url = "https://github.com/baltasarb/social-routing/wiki/Social-Routing-API#post-example"
}

@online{apiputdocs,
    title = "Social Routing API PUT documentation.",
    url = "https://github.com/baltasarb/social-routing/wiki/Social-Routing-API#put-example"
}

@online{contenttype,
    title="Content Type documentation.",
    url = "https://tools.ietf.org/html/rfc7231#section-3.2"
}

@online{unsupportedmedia,
    title="Unsupported Media Type Documentation.",
    url= "https://github.com/baltasarb/social-routing/wiki/Social-Routing-API#unsupported-media-type"
}

@online{springinterceptor,
    title="Spring interceptor documentation.",
    url= "https://docs.spring.io/spring/docs/current/javadoc-api/org/springframework/web/servlet/HandlerInterceptor.html"
}

@online{springexception,
    title="Spring Exception handling documentation.",
    url= "https://docs.spring.io/spring/docs/current/javadoc-api/org/springframework/web/servlet/mvc/method/annotation/ResponseEntityExceptionHandler.html"
}

@online{servicedbms,
    title="Social Routing Service's DBMS documentation.",
    url= "https://github.com/baltasarb/social-routing/wiki/database-management-system"
}

%CLIENT ONLY REFERENCES

@online{fragments,
    title="Android Fragment documentation.",
    url= "https://developer.android.com/guide/components/fragments"
}

@online{activities,
    title="Android Activity documentation.",
    url= "https://developer.android.com/guide/components/activities.html"
}

@online{viewmodel,
    title="Android View Model documentation.",
    url= "https://developer.android.com/topic/libraries/architecture/viewmodel"
}

@online{livedata,
    title="Android Live Data documentation.",
    url= "https://developer.android.com/topic/libraries/architecture/livedata"
}

@online{googlemaps,
    title="Google Maps documentation.",
    url= "https://developers.google.com/maps/documentation/"
}

@online{jackson,
    title="Jackson documentation.",
    url= "https://github.com/FasterXML/jackson"
}
